@misc{dai98,
  title={b-money},
  author={Dai, W.},
  howpublished={\url{http://www.weidai.com/bmoney.txt}},
  year={1998}
}

@inproceedings{mas99,
  title={Design of a secure timestamping service with minimal trust requirements},
  author={Massias, H. and Avila, X.S. and Quisquater, J.-J.},
  booktitle={the 20th Symposium on Information Theory in the Benelux},
  month={May},
  year={1999},
  organization={Citeseer}
} 

@article{hab90,
  title={How to time-stamp a digital document},
  author={Haber, S. and Stornetta, W.S.},
  journal={Journal of Cryptology},
  volume={3},
  number={2},
  year={1991},
}
 
@incollection{bay93,
  title={Improving the efficiency and reliability of digital time-stamping},
  author={Bayer, D. and Haber, S. and Stornetta, W.S.},
  booktitle={Sequences II: Methods in Communication, Security and Computer Science},
  pages={329-334},
  year={1993},
}
 
@inproceedings{hab97,
  title={Secure names for bit-strings},
  author={Haber, S. and Stornetta, W.S.},
  booktitle={Proceedings of the 4th ACM Conference on Computer and Communications Security},
  pages={28-35},
  month={April},
  year={1997}
}

@ misc{bac02,
  title={Hashcash - a denial of service counter-measure},
  author={Back, A.},
  howpublished={\url{http://www.hashcash.org/papers/hashcash.pdf}},
  year={2002}
}
 
@inproceedings{mer80,
  title={Protocols for public key cryptosystems},
  author={Merkle, R.C.},
  booktitle={Proc. 1980 Symposium on Security and Privacy},
  pages={122-133},
  month={April},
  year={1980},
  organization={IEEE Computer Society}
}

@article{fel57,
  title={An introduction to probability theory and its applications},
  author={Feller, W.},
  year ={1957},
}